@article{finckenauer2005problems,
	title={Problems of definition: what is organized crime?},
	author={Finckenauer, James O},
	journal={Trends in organized crime},
	volume={8},
	number={3},
	pages={63--83},
	year={2005},
	publisher={Springer}
}